<?xml version="1.0" encoding="UTF-8"?><collection xmlns="http://www.loc.gov/MARC21/slim"><record><leader>00522nam--2200181-i-4500</leader><controlfield tag="001">000011757</controlfield><controlfield tag="002">20161230</controlfield><controlfield tag="005">20170209235745</controlfield><controlfield tag="008">060222s1000------------r-----000-0-fre-d</controlfield><datafield ind1=" " ind2=" " tag="040"><subfield code="a">IFIBN-HH</subfield></datafield><datafield ind1=" " ind2=" " tag="041"><subfield code="a">fre</subfield></datafield><datafield ind1=" " ind2=" " tag="080"><subfield code="a">539.171.112(043)</subfield></datafield><datafield ind1="1" ind2=" " tag="100"><subfield code="a">Cozzika, Georges</subfield></datafield><datafield ind1="1" ind2="0" tag="245"><subfield code="a">Analyse en dephasages de l'interaction proton-proton entre 510 et 735 mev</subfield><subfield code="b">These</subfield><subfield code="c">Georges Cozzika</subfield></datafield><datafield ind1=" " ind2=" " tag="260"><subfield code="a">Orsay</subfield><subfield code="b">Universite De Paris-sud</subfield><subfield code="c">1974</subfield></datafield><datafield ind1=" " ind2=" " tag="300"><subfield code="a">79 p. + Pl</subfield></datafield><datafield ind1=" " ind2=" " tag="852"><subfield code="a">43348</subfield><subfield code="c">539.17</subfield></datafield><datafield ind1=" " ind2=" " tag="CAT"><subfield code="a">SYS</subfield><subfield code="c">20170209</subfield><subfield code="h">235745</subfield></datafield></record></collection>